<record><leader>00000cas a22000007a 4500</leader><controlfield tag="001">13170281</controlfield><controlfield tag="008">860219d18661875lauwr ne      0    0eng d</controlfield><datafield ind1=" " ind2=" " tag="010"><subfield code="a">sn 86079078 </subfield></datafield><datafield ind1=" " ind2=" " tag="040"><subfield code="a">NPU</subfield><subfield code="b">eng</subfield><subfield code="c">NPU</subfield><subfield code="d">NPX</subfield><subfield code="d">PPM</subfield><subfield code="d">LNP</subfield><subfield code="d">OCLCQ</subfield><subfield code="d">DLC</subfield></datafield><datafield ind1="0" ind2=" " tag="041"><subfield code="a">engfre</subfield></datafield><datafield ind1=" " ind2=" " tag="042"><subfield code="a">msc</subfield></datafield><datafield ind1="0" ind2=" " tag="130"><subfield code="a">Weekly Thibodaux sentinel (Thibodaux, La. : 1866)</subfield></datafield><datafield ind1="1" ind2="4" tag="245"><subfield code="a">The Weekly Thibodaux sentinel.</subfield></datafield><datafield ind1="3" ind2="0" tag="246"><subfield code="a">Sentinelle de Thibodaux</subfield></datafield><datafield ind1="1" ind2="3" tag="246"><subfield code="a">Thibodaux sentinel</subfield></datafield><datafield ind1=" " ind2=" " tag="260"><subfield code="a">Thibodaux, La. :</subfield><subfield code="b">P.E. Lorio &amp; Co.</subfield></datafield><datafield ind1=" " ind2=" " tag="300"><subfield code="a">v. ;</subfield><subfield code="c">56 cm.</subfield></datafield><datafield ind1=" " ind2=" " tag="310"><subfield code="a">Weekly</subfield></datafield><datafield ind1="0" ind2=" " tag="362"><subfield code="a">Vol. 1, no. 45 (June 9, 1866)-v. 10, no. 53 (July 31, 1875).</subfield></datafield><datafield ind1=" " ind2=" " tag="500"><subfield code="a">Published with an additional masthead in French: La Sentinelle de Thibodaux.</subfield></datafield><datafield ind1=" " ind2=" " tag="546"><subfield code="a">In English and French.</subfield></datafield><datafield ind1=" " ind2=" " tag="752"><subfield code="a">United States</subfield><subfield code="b">Louisiana</subfield><subfield code="c">Lafourche</subfield><subfield code="d">Thibodaux.</subfield></datafield><datafield ind1="0" ind2="0" tag="780"><subfield code="t">Sentinelle de Thibodaux</subfield><subfield code="x">2377-9241</subfield><subfield code="w">(DLC)sn 86053854</subfield><subfield code="w">(OCoLC)14583208</subfield></datafield><datafield ind1="0" ind2="0" tag="785"><subfield code="t">Weekly Thibodaux sentinel and journal of the 8th Senatorial District</subfield><subfield code="x">2378-0401</subfield><subfield code="w">(DLC)sn 88064492</subfield><subfield code="w">(OCoLC)18114579</subfield></datafield></record>